% This file was created with JabRef 2.10.
% Encoding: UTF8


@Article{ahmad2016,
  Title                    = {Light Dependent Resistor (LDR) Based Low Cost Light Intensity Measurement Circuit Design (LUX Meter)},
  Author                   = {R. Y. Jawaaz Ahmad},
  Journal                  = {International Journal of Innovative Research in Computer and Communication Engineering},
  Year                     = {2016}
}

@Book{atkins2011,
  Title                    = {Princípios de Química},
  Author                   = {Peter Atkins},
  Editor                   = {5 edição},
  Publisher                = {Bookman},
  Year                     = {2011}
}

@Other{braga2013,
  Title                    = {Como funcionam conversores A/D},
  Author                   = {Newton C. Braga},
  Year                     = {2013}
}

@Other{braga2012,
  Title                    = {Relés - Conceitos e aplicações},
  Author                   = {Newton C. Braga},
  Year                     = {2012}
}

@Article{cassiolato2010,
  Title                    = {Medição de Nível},
  Author                   = {Cesar Cassiolato},
  Journal                  = {SMAR},
  Year                     = {2010}
}

@Other{raspberry2018,
  Title                    = {Raspberry Pi 3 Model B+},
  Author                   = {RASPBERRY PI FOUNDATION},
  Month                    = {jul},
  Url                      = {https//:www.raspberrypi.org},
  Year                     = {2018}
}

@Book{heath2003,
  Title                    = {Embedded Systems Design},
  Author                   = {S. Heath},
  Editor                   = {EDN series for design engineers},
  Publisher                = {Newnes},
  Year                     = {2003}
}

@Manual{liu2018,
  Title                    = {Datasheet:DHT22},
  Author                   = {T. Liu},
  Organization             = {Sparkfun},
  Year                     = {2018}
}

@Other{metmotor2015,
  Title                    = {A brief overview of a 12v DC motor},
  Author                   = {METmotor},
  Year                     = {2015}
}

@Book{michael2007,
  Title                    = {Embedded Systems Glossary},
  Author                   = {B. Michael},
  Publisher                = {Neutrino Technical Library},
  Year                     = {2007}
}

@Other{ned2017,
  Title                    = {DHT11 \& DHT22 Sensors Temperature and Humidity Tutorial using Arduino},
  Author                   = {D. Nedelkovski},
  Year                     = {2017}
}

@Manual{nxp2013,
  Title                    = {Datasheet:PCF8591 8-bit A/D and D/A converter},
  Author                   = {NXP},
  Year                     = {2013}
}

@Article{page1999,
  Title                    = {Designing with D.C. Motors},
  Author                   = {M. Page},
  Journal                  = {MIT},
  Year                     = {1999}
}

@Manual{vishay,
  Title                    = {Datasheet:4N25,4N26,4N27,4N28},
  Author                   = {VISHAY SEMICONDUCTORS},
  Year                     = {2017}
}

@Other{eicos,
  Title                    = {Sensor de Nível: o que é?},
  Author                   = {EICOS SENSORES},
  Year                     = {2017}
}

@Other{pmbok,
  Title                    = {Um Guia do Conjunto de Conhecimentos em Gerenciamento de Projetos (Guia PMBOK)},
  Author                   = {PROJECT MANAGEMENT INSTITUTE.},
  Year                     = {2013}
}

@Other{pmbok,
	Title                    = {Um Guia do Conjunto de Conhecimentos em Gerenciamento de Projetos (Guia PMBOK)},
	Author                   = {PROJECT MANAGEMENT INSTITUTE.},
	Year                     = {2013}
}

@ONLINE {tubonasa,
	author = "TUBONASA",
	title  = "Tubos de metalon",
	month  = "abr",
	year   = "2014",
	url    = "http://www.tubonasa.com.br/noticias/tubos-de-metalon/"
}

@article{callister2002wd,
	title={WD Ciência e engenharia dos materiais},
	author={Callister, JR},
	journal={5 Edição, LTC Editora, São Paulo-SP},
	year={2002}
}

@Other{nobrega2014,
	Title                    = {Análise dinâmica de estruturas de concreto: estudo experimental e numérico das condições de contorno de estrutura pré-moldadas},
	Author                   = {NOBREGA, PETRUS GORGÔNIO},
	Year                     = {2014}
}

@Other{zuniga2011,
	Title                    = {Análise da resposta dinâmica experimental de uma passarela tubular mista, aço-concreto, submetida ao caminhar humano},
	Author                   = {ZUNIGA, EDUARDO},
	Year                     = {2011}
}

@Other{vencci2017,
	Title                    = {Análise de vibrações de pisos submetidos a excitações ritmicas -- aplicação de critérios para conforto em dificações},
	Author                   = {MENDONÇA , VECCI},
	Year                     = {2017}
}

@book{beer2016statics,
	title={Statics and mechanics of materials},
	author={Beer, Ferdinand},
	year={2016},
	publisher={McGraw-Hill Higher Education}
}

@book{inman2014engineering,
	title={Engineering vibration},
	author={Inman, Daniel J},
	volume={4},
	year={2014},
	publisher={Prentice Hall New Jersey}
}

@Other{ansys2007,
	Title                    = {Ansys User’s Manual},
	Author                   = {ANSYS},
	Year                     = {2007}
}

@ONLINE {microservices,
	author = "HUSTON. T",
	title  = "What is Microservices Architecture?",
	month  = "mar",
	year   = "2016",
	url    = "https://smartbear.com/learn/api-design/what-are-microservices/"
}

@ONLINE {fowler,
	author = "FOWLER, M.",
	title  = "Microservices - a definition of this new architectural term",
	month  = "mar",
	year   = "2014",
	url    = "https://martinfowler.com/articles/microservices.html"
}

@ONLINE {gunter,
	author = "GUNTER, A.",
	title  = "Microservices with Python, RabbitMQ and Nameko",
	month  = "abr",
	year   = "2016",
	url    = "https://www.datawire.io/microservices-vs-soa/"
}

@ONLINE {rocha,
	author = "ROCHA, B.",
	title  = "Microservices with Python, RabbitMQ and Nameko",
	month  = "abr",
	year   = "2016",
	url    = "http://brunorocha.org/python/microservices-with-python-rabbitmq-and-nameko.html"
}

@ONLINE {scrum,
	author = "Sutherland J. Schwaber K.",
	title  = "The Scrum Guide",
	month  = "set",
	year   = "2005",
	url    = "https://www.ibm.com/developerworks/rational/library/content/RationalEdge/sep04/bell/index.html"
}

@ONLINE {ibm,
	author = "BELL, D.",
	title  = "The class diagram - An introduction to structure diagrams in UML 2",
	month  = "set",
	year   = "2004",
	url    = "https://www.ibm.com/developerworks/rational/library/content/RationalEdge/sep04/bell/index.html"
}

@ONLINE {alface,
	author = "HORTAS.INFO",
	title  = "Como plantar alface",
	month  = "set",
	year   = "2010",
	url    = "https://hortas.info/como-plantar-alface"
}

@book{marrow,
	title={LED lighting in horticulture},
	author={Marrow, R.C},
	year={2008},
	publisher={Marrow}
}

@book{wheeler,
	title={Plants for human life support in space: From Myers to Mars. Grav. Space Res},
	author={Wheeler, R.M},
	year={2010},
	publisher={Myers}
}
@book{wheeler,
	title={Importance of 'blue' photon levels for lettuce seedlings grown under red-light-emitting diodes},
	author={Hoenecke, M.E., R.J Bula and T.W. Tibbitts},
	year={1992},
	publisher={Myers}
}

@ONLINE {nasa,
	author = "MITCHELL, C.",
	title  = "Sole-source lighting for controlled-enviorement agriculture",
	month  = "set",
	year   = "2015",
	url    = "https://ntrs.nasa.gov/archive/nasa/casi.ntrs.nasa.gov/20150009399.pdf"
}

@book{pmbok,
	title={Um Guia do Conjunto de Conhecimentos em Gerenciamento de Projetos (Guia PMBOK).},
	author={PROJECT MANAGEMENT INSTITUTE},
	year={2003},
	publisher={Four Campus Boulevard}
}

@book{Atkins,
	title={Princípios de Química, Quinta Edição , Bookman},
	author={Peter Atkins},
	year={2011},
	publisher={Four Campus Boulevard}
}

@ONLINE {EspeciMotorCC,
	author = "MITCHELL, C.",
	title  = "Especificações de motores CC ",
	month  = "jul",
	year   = "2018",
	url    = "https://www.citisystems.com.br/motor-cc/"
}

@ONLINE {MotorCC,
	author = "IFRN",
	title  = "Máquinas de corrente Contínua",
	month  = "jul",
	year   = "2018",
	url    = "https://docente.ifrn.edu.br/heliopinheiro/Disciplinas/maquinas-acionamentos-eletricos/apostila-de-maquinas-de-cc-1/"
}

@ONLINE {MotorCC2,
	author = "USP",
	title  = "Motores de corrente Contínua",
	month  = "jul",
	year   = "2018",
	url    = "https://edisciplinas.usp.br/pluginfile.php/1230461/mod_resource/content/1/MCC_Resumo.pdf"
}

@ONLINE {UART,
	author = "USP",
	title  = "Protocolo UART",
	month  = "jul",
	year   = "2018",
	url    = "https://www.embarcados.com.br/raspberry-pi-comunicacao-serial-uart/"
}

@ONLINE {I2C,
	author = "Reis, Valdinei.",
	title  = "Protocolo I2C",
	month  = "jul",
	year   = "2018",
	url    = "http://www.arduinobr.com/arduino/i2c-protocolo-de-comunicacao/"
}

@ONLINE {SILVA,
	author = "Silva, Valdinei.",
	title  = "Hidroponia",
	month  = "mai",
	year   = "2018",
	url    = "http://www.fruticultura.iciag.ufu.br/hidropo.html"
}